<record><leader>00000cas a2200000 a 4500</leader><controlfield tag="001">10547260</controlfield><controlfield tag="008">840321d18951895ksucr ne      0   a0eng d</controlfield><datafield ind1=" " ind2=" " tag="010"><subfield code="a">sn 83041038 </subfield></datafield><datafield ind1=" " ind2=" " tag="040"><subfield code="a">KSH</subfield><subfield code="b">eng</subfield><subfield code="c">KSH</subfield><subfield code="d">NPT</subfield><subfield code="d">OCL</subfield><subfield code="d">OCLCQ</subfield></datafield><datafield ind1=" " ind2=" " tag="042"><subfield code="a">msc</subfield></datafield><datafield ind1=" " ind2=" " tag="043"><subfield code="a">n-us-ks</subfield></datafield><datafield ind1="0" ind2=" " tag="130"><subfield code="a">Semi-weekly tribune (Weir, Kan.)</subfield></datafield><datafield ind1="1" ind2="0" tag="245"><subfield code="a">Semi-weekly tribune.</subfield></datafield><datafield ind1=" " ind2=" " tag="260"><subfield code="a">Weir, Kan. :</subfield><subfield code="b">Horace Hayden,</subfield><subfield code="c">1895.</subfield></datafield><datafield ind1=" " ind2=" " tag="300"><subfield code="a">4 nos. :</subfield><subfield code="b">ill. ;</subfield><subfield code="c">55 cm.</subfield></datafield><datafield ind1=" " ind2=" " tag="310"><subfield code="a">Semiweekly</subfield></datafield><datafield ind1="0" ind2=" " tag="362"><subfield code="a">Vol. 12, no. 2 (Aug. 27, 1895)-v. 12, no. 5 (Sept. 6, 1895).</subfield></datafield><datafield ind1=" " ind2=" " tag="752"><subfield code="a">United States</subfield><subfield code="b">Kansas</subfield><subfield code="c">Cherokee</subfield><subfield code="d">Weir.</subfield></datafield><datafield ind1="0" ind2="0" tag="780"><subfield code="t">Weir City tribune</subfield><subfield code="w">(DLC)sn 83041037</subfield></datafield><datafield ind1="0" ind2="0" tag="785"><subfield code="t">Weir City semi-weekly tribune</subfield><subfield code="w">(DLC)sn 84029138</subfield></datafield></record>